@article{kaplan2020containing,
  title={Containing 2019-ncov (wuhan) coronavirus},
  author={Kaplan, Edward H},
  journal={Health care management science},
  volume={23},
  number={3},
  pages={311--314},
  year={2020},
  publisher={Springer}
}

@article{meijer2021more,
  title={More than 1000 rivers account for 80\% of global riverine plastic emissions into the ocean},
  author={Meijer, Lourens JJ and van Emmerik, Tim and van der Ent, Ruud and Schmidt, Christian and Lebreton, Laurent},
  journal={Science Advances},
  volume={7},
  number={18},
  pages={eaaz5803},
  year={2021},
  publisher={American Association for the Advancement of Science}
}

@article{schmidt2017export,
  title={Export of plastic debris by rivers into the sea},
  author={Schmidt, Christian and Krauth, Tobias and Wagner, Stephan},
  journal={Environmental science \& technology},
  volume={51},
  number={21},
  pages={12246--12253},
  year={2017},
  publisher={ACS Publications}
}


@article{peng2021plastic,
  title={Plastic waste release caused by COVID-19 and its fate in the global ocean},
  author={Peng, Yiming and Wu, Peipei and Schartup, Amina T and Zhang, Yanxu},
  journal={Proceedings of the National Academy of Sciences},
  volume={118},
  number={47},
  year={2021},
  publisher={National Acad Sciences}
}


@article{epa2018,
  title={National overview: Facts and figures on materials, wastes and recycling},
  author={EPA},
  journal={Online report},
}
